@inproceedings{flexibleSystem,
    author = "Tellaeche, Alberto and Kildal, Johan and Maurtua, I{\~n}aki",
    title = "A flexible system for gesture based human-robot interaction",
    booktitle ="Procedia CIRP",
    volume = "72",
    pages = "57--62",
    year = "2018",
    issn = "2212-8271",
    doi = "10.1016/j.procir.2018.03.017"
}

@book{patternClassification1,
    author    = "Duda, Richard O and Hart, Peter E and Stork, David G",
    title     = "Pattern Classification",
    year      = "2001",
    publisher = "Wiley",
    volume = "2",
    address   = "New York, NY [u.a.]",
    pages     = "1--22",
    url       = "https://katalog.ub.tu-dortmund.de/titel/ubd.lobid:HT012878532"
}

@book{patternClassification2,
    author    = "Duda, Richard O and Hart, Peter E and Stork, David G",
    title     = "Pattern Classification",
    year      = "2001",
    publisher = "Wiley",
    volume = "2",
    address   = "New York, NY [u.a.]",
    pages     = "84--95",
    url       = "https://katalog.ub.tu-dortmund.de/titel/ubd.lobid:HT012878532"
}

@book{patternClassification3,
    author    = "Duda, Richard O and Hart, Peter E and Stork, David G",
    title     = "Pattern Classification",
    year      = "2001",
    publisher = "Wiley",
    volume = "2",
    address   = "New York, NY [u.a.]",
    pages     = "107",
    url       = "https://katalog.ub.tu-dortmund.de/titel/ubd.lobid:HT012878532"
}

@inbook{patternRecognitionTheory,
  title="The Bayes Error",
  booktitle="A Probabilistic Theory of Pattern Recognition. Stochastic Modelling and Applied Probability",
  author="Devroye, Luc and Gy{\"o}rfi, L{\'a}szl{\'o} and Lugosi, G{\'a}bor",
  volume="31",
  year="1996",
  pages="10-17",
  publisher="Springer",
  address="New York, NY",
  doi="10.1007/978-1-4612-0711-5_2"
}

@inproceedings{gillianANBC,
  title="An adaptive classification algorithm for semiotic musical gestures",
  author="Gillian, Nicholas and Knapp, R Benjamin and O’Modhrain, Sile",
  booktitle="8th Sound and Music Computing Conference",
  year="2011",
  organization="Citeseer",
  doi="10.5281/zenodo.849869"
}

@book{tuckwellWahrscheinlichkeit,
  title="Elementary applications of probability theory",
  author="Tuckwell, Henry C",
  year="2018",
  pages="7--8",
  publisher="Routledge",
  doi="10.1201/9780203758564"
}

@inproceedings{BouNaiveBayes,
  title="Naive bayes classifiers that perform well with continuous variables",
  author="Bouckaert, Remco R",
  booktitle="Australasian joint conference on artificial intelligence",
  pages="1089--1094",
  year="2004",
  organization="Springer",
  doi="10.1007/978-3-540-30549-1_106"
}

@article{sampleSize,
  title="Small sample size effects in statistical pattern recognition: Recommendations for practitioners",
  author="Raudys, Sarunas J and Jain, Anil K.",
  journal="IEEE Transactions on Pattern Analysis \& Machine Intelligence",
  volume="1",
  pages="252--264",
  year="1991",
  publisher="IEEE",
  doi="10.1109/34.75512"
}

@inproceedings{unbalancedSamples,
  title="Machine learning from imbalanced data sets 101",
  author="Provost, Foster",
  booktitle="Proceedings of the AAAI’2000 workshop on imbalanced data sets",
  volume="68",
  pages="1--3",
  year="2000",
  organization="AAAI Press",
  url="https://www.aaai.org/Papers/Workshops/2000/WS-00-05/WS00-05-001.pdf"
}

@article{nearestNeighbor,
  title={K-nearest neighbor},
  author={Peterson, Leif E},
  journal={Scholarpedia},
  volume={4},
  number={2},
  pages={1883},
  year={2009},
  doi={10.4249/scholarpedia.1883}
}

@book{hannaKinect1,
  author={Hanna, Tam},
  title={Microsoft KINECT},
  subtitle={Programmierung des Sensorsystems},
  volume={1},
  year={2013},
  publisher={dpunkt.verlag},
  pages={1--6},
  address={Heidelberg},
  url={https://katalog.ub.tu-dortmund.de/titel/ubd.lobid:HT017782754}
}

@book{hannaKinect2,
  author={Hanna, Tam},
  title={Microsoft KINECT},
  subtitle={Programmierung des Sensorsystems},
  volume={1},
  year={2013},
  publisher={dpunkt.verlag},
  pages={69--94},
  address={Heidelberg},
  url={https://katalog.ub.tu-dortmund.de/titel/ubd.lobid:HT017782754}
}

@book{hannaKinect3,
  author={Hanna, Tam},
  title={Microsoft KINECT},
  subtitle={Programmierung des Sensorsystems},
  volume={1},
  year={2013},
  publisher={dpunkt.verlag},
  pages={105--120},
  address={Heidelberg},
  url={https://katalog.ub.tu-dortmund.de/titel/ubd.lobid:HT017782754}
}

@InProceedings{skeletonTracking,
    author="Papadopoulos, Georgios Th.
    and Axenopoulos, Apostolos
    and Daras, Petros",
    editor="Gurrin, Cathal
    and Hopfgartner, Frank
    and Hurst, Wolfgang
    and Johansen, H{\aa}vard
    and Lee, Hyowon
    and O'Connor, Noel",
    title="Real-Time Skeleton-Tracking-Based Human Action Recognition Using Kinect Data",
    booktitle="MultiMedia Modeling",
    year="2014",
    publisher="Springer International Publishing",
    address="Cham",
    pages="473--483",
    doi="10.1007/978-3-319-04114-8_40"
}

@inproceedings{cruzkinect,
  title={Kinect and rgbd images: Challenges and applications},
  author={Cruz, Leandro and Lucio, Djalma and Velho, Luiz},
  booktitle={2012 25th SIBGRAPI Conference on Graphics, Patterns and Images Tutorials},
  pages={36--49},
  year={2012},
  organization={IEEE},
  doi = {10.1109/SIBGRAPI-T.2012.13}
}

@misc{kinectSensorBild,
  author={Pfaff, James},
  title={Kinect},
  year={2010},
  url={https://www.flickr.com/photos/litheon/4716833180/},
  urldate={2019-11-26},
  note={unter CC-BY-Lizenz}
}

@misc{kinectAufbauBild,
  author={Hanna, Tam},
  title={Microsoft KINECT},
  subtitle={Programmierung des Sensorsystems},
  volume={1},
  year={2013},
  pages={5},
  note={Abb. 1-3},
  address={Heidelberg},
  url={https://katalog.ub.tu-dortmund.de/titel/ubd.lobid:HT017782754}
}

@inproceedings{multipleDepthCameras,
  title={Real-time Human Motion Tracking using Multiple Depth Cameras},
  author={Zhang, Licong and Sturm, J{\"u}rgen and Cremers, Daniel and Lee, Dongheui},
  booktitle={2012 IEEE/RSJ International Conference on Intelligent Robots and Systems},
  pages={2389--2395},
  year={2012},
  organization={IEEE}
}

@ARTICLE{recognitionSurvey,
    author={Mitra, Sushmita and Acharya, Tinku},
    journal={IEEE Transactions on Systems, Man, and Cybernetics, Part C (Applications and Reviews)},
    title={Gesture Recognition: A Survey},
    year={2007},
    volume={37},
    number={3},
    pages={311-324},
    doi={10.1109/TSMCC.2007.893280},
}

@INPROCEEDINGS{depthRecognition,
    author={ Liu, Xia and Fujimura, Kikuo},
    booktitle={Sixth IEEE International Conference on Automatic Face and Gesture Recognition, 2004. Proceedings.},
    title={Hand gesture recognition using depth data},
    year={2004},
    volume={},
    number={},
    pages={529-534},
    doi={10.1109/AFGR.2004.1301587},
}

@INPROCEEDINGS{colorRecognition,
    author={Triesch, Jochen and Von Der Malsburg, Christop},
    booktitle={Proceedings Third IEEE International Conference on Automatic Face and Gesture Recognition},
    title={A gesture interface for human-robot-interaction},
    year={1998},
    volume={},
    number={},
    pages={546-551},
    doi={10.1109/AFGR.1998.671005},
}

@article{hiddenMarkov,
    author = "Ramamoorthy, Aditya and Vaswani, Namrata and Chaudhury, Santanu and Banerjee, Subhashis",
    title = "Recognition of dynamic hand gestures",
    journal = "Pattern Recognition",
    volume = "36",
    number = "9",
    pages = "2069 - 2081",
    year = "2003",
    doi = "10.1016/S0031-3203(03)00042-6",
}

@incollection{ObererTreitz.2019,
 author = {Oberer-Treitz, Susanne and Verl, Alexander},
 title = {Einf{\"u}hrung in die industrielle Robotik mit Mensch-Roboter-Kooperation},
 pages = {1--35},
 publisher = {{Carl Hanser Verlag GmbH {\&} Co. KG}},
 booktitle = {Handbuch Mensch-Roboter-Kollaboration},
 year = {2019},
 doi = {10.3139/9783446453760.001}
}



